@article{shaikh2022sum,
  title={How to sum and exponentiate Hamiltonians in ZXW calculus},
  author={Shaikh, Razin A and Wang, Quanlong and Yeung, Richie},
  journal={arXiv preprint arXiv:2212.04462},
  year={2022}
}


@inproceedings{mellies2006functorial,
  title={Functorial boxes in string diagrams},
  author={Melli{\`e}s, Paul-Andr{\'e}},
  booktitle={International Workshop on Computer Science Logic},
  pages={1--30},
  year={2006},
  organization={Springer}
}
@article{forbes2015complexity,
  title={Complexity Theory Column 88: Challenges in Polynomial Factorization},
  author={Forbes, Michael A and Shpilka, Amir},
  journal={ACM SIGACT News},
  volume={46},
  number={4},
  pages={32--49},
  year={2015},
  publisher={ACM New York, NY, USA}
}
@article{poor2023completeness,
  title={Completeness for arbitrary finite dimensions of ZXW-calculus, a unifying calculus},
  author={Po{\'o}r, Boldizs{\'a}r and Wang, Quanlong and Shaikh, Razin A and Yeh, Lia and Yeung, Richie and Coecke, Bob},
  journal={arXiv preprint arXiv:2302.12135},
  year={2023}
}

@article{koch2022quantum,
  title={Quantum Machine Learning using the ZXW-Calculus},
  author={Koch, Mark},
  journal={arXiv preprint arXiv:2210.11523},
  year={2022}
}

@article{de2023light,
  title={Light-matter interaction in the ZXW calculus},
  author={de Felice, Giovanni and Shaikh, Razin A and Po{\'o}r, Boldizs{\'a}r and Yeh, Lia and Wang, Quanlong and Coecke, Bob},
  journal={arXiv preprint arXiv:2306.02114},
  year={2023}
}